<?xml version="1.0" encoding="UTF-8"?><collection xmlns="http://www.loc.gov/MARC21/slim"><record><leader>00429nam--2200157-i-4500</leader><controlfield tag="001">000009103</controlfield><controlfield tag="002">20161230</controlfield><controlfield tag="005">20161230201028</controlfield><controlfield tag="008">060222s1000------------r-----000-0-eng-d</controlfield><datafield ind1=" " ind2=" " tag="080"><subfield code="a">517.53</subfield></datafield><datafield ind1="1" ind2="0" tag="100"><subfield code="a">Boboc, Nicu</subfield></datafield><datafield ind1="1" ind2=" " tag="245"><subfield code="a">Functii complexe</subfield></datafield><datafield ind1=" " ind2=" " tag="260"><subfield code="a">Bucuresti, Editura Didactica Si Pedagogica, 1969. 347 P</subfield></datafield><datafield ind1=" " ind2=" " tag="490"><subfield code="a">Ministerul Invatamintului, Uiv.Bucuresti</subfield></datafield><datafield ind1=" " ind2=" " tag="852"><subfield code="a">31864</subfield><subfield code="c">517.5</subfield></datafield><datafield ind1=" " ind2=" " tag="CAT"><subfield code="a">Sys</subfield><subfield code="c">20080804</subfield><subfield code="h">093244</subfield></datafield></record></collection>